<record><leader>00000cas a22000007a 4500</leader><controlfield tag="001">10839900</controlfield><controlfield tag="008">840613d19321941nyudn ne      0    0eng d</controlfield><datafield ind1=" " ind2=" " tag="010"><subfield code="a">sn 84031313 </subfield></datafield><datafield ind1=" " ind2=" " tag="040"><subfield code="a">NYG</subfield><subfield code="b">eng</subfield><subfield code="c">NYG</subfield><subfield code="d">NYS</subfield><subfield code="d">OCLCQ</subfield></datafield><datafield ind1=" " ind2=" " tag="042"><subfield code="a">msc</subfield></datafield><datafield ind1="0" ind2="0" tag="245"><subfield code="a">Jamestown post.</subfield></datafield><datafield ind1=" " ind2=" " tag="260"><subfield code="a">Jamestown, N.Y. :</subfield><subfield code="b">[Post Pub. Co.],</subfield><subfield code="c">1932-1941.</subfield></datafield><datafield ind1=" " ind2=" " tag="300"><subfield code="a">19 v. :</subfield><subfield code="b">ill.</subfield></datafield><datafield ind1=" " ind2=" " tag="310"><subfield code="a">Daily (except Sunday)</subfield></datafield><datafield ind1="0" ind2=" " tag="362"><subfield code="a">Vol. 64, no. 61 (Sept. 9, 1932)-v. 82, no. 79 (Sept. 30, 1941).</subfield></datafield><datafield ind1=" " ind2=" " tag="500"><subfield code="a">Editors: E.L. Allen, 1932- ; J.H. Swanson, -1941.</subfield></datafield><datafield ind1=" " ind2=" " tag="500"><subfield code="a">"Largest circulation of any newspaper in Southwestern New York. Complete Associated Press service."</subfield></datafield><datafield ind1=" " ind2=" " tag="530"><subfield code="a">Available on microfilm from New York State Library.</subfield></datafield><datafield ind1=" " ind2="4" tag="651"><subfield code="a">Jamestown (N.Y.)</subfield><subfield code="v">Newspapers.</subfield></datafield><datafield ind1="1" ind2=" " tag="700"><subfield code="a">Allen, Edward L.</subfield></datafield><datafield ind1=" " ind2=" " tag="752"><subfield code="a">United States</subfield><subfield code="b">New York</subfield><subfield code="c">Chautauqua</subfield><subfield code="d">Jamestown.</subfield></datafield><datafield ind1="0" ind2="0" tag="780"><subfield code="t">Jamestown morning post</subfield><subfield code="w">(DLC)sn 84031312</subfield></datafield><datafield ind1="0" ind2="7" tag="785"><subfield code="t">Jamestown evening journal (Jamestown, N.Y. : 1905)</subfield><subfield code="w">(DLC)sn 92061414</subfield><subfield code="w">(OCoLC)25103772</subfield></datafield><datafield ind1="0" ind2="7" tag="785"><subfield code="t">Jamestown post-journal</subfield><subfield code="w">(DLC)sn 84031314</subfield><subfield code="w">(OCoLC)10840053</subfield></datafield><datafield ind1="1" ind2=" " tag="029"><subfield code="a">AU@</subfield><subfield code="b">000020335600</subfield></datafield></record>